@book{TanenbaumAndrewS.2024Mos,
publisher = {Pearson},
isbn = {9781292459660},
year = {2024},
title = {Modern operating systems},
edition = {Fifth edition.},
language = {eng},
address = {Hoboken},
author = {Tanenbaum, Andrew S.},
keywords = {Operativsystem;Operating systems (Computers)},
}

@book{AlleyMichael2018TCoS,
abstract = {This book uses scores of examples to show the differences between scientific writing that informs and persuades and scientific writing that does not. It identifies five key elements of style that distinguish the best scientific documents.},
publisher = {Springer New York},
isbn = {1441982876},
year = {2018},
title = {The Craft of Scientific Writing},
edition = {Fourth edition.},
copyright = {Springer Science+Business Media, LLC, part of Springer Nature 2018. Corrected Publication 2018},
language = {eng},
address = {New York, NY},
author = {Alley, Michael},
keywords = {History ; Physics general ; Popular Science ; Popular Science general ; Technical writing},
}

@book{Young2002TechnicalWritersHandbook,
    author  = {Matt Young},
    title   = {The Technical Writer's Handbook: Writing with Style and Clarity},
    date    = {2002},
    isbn    = {978-1-891389-21-4},
    publisher   = {University Science Books},
    location    = {Melville, NY},
}

@article{Nakagawa2024ABC,
title = {The {ABC} of academic writing: non-native speakers' perspective},
journal = {Trends in Ecology \& Evolution},
year = {2024},
issn = {0169-5347},
doi = {https://doi.org/10.1016/j.tree.2024.01.008},
url = {https://www.sciencedirect.com/science/article/pii/S0169534724000338},
author = {Shinichi Nakagawa and Malgorzata Lagisz},
keywords = {academic writing, scientific writing, native language, second language, language barriers},
abstract = {Academic writing is difficult, especially for non-native English speakers. We share a perspective on writing with a set of heuristics called the Writing Alphabet, consisting of Accurate, Brief, Clear, Dynamic, Engaging, Flowing, Goal, Habit, and Investment. These points can help struggling writers identify issues and, importantly, internalise good writing practices.}
}

@misc{Shell2015HowToIEEtran,
    author = {Michael Shell},
    title = {How to Use the {IEEEtran} {\LaTeX} Class},
    year = {2015},
    publisher = {IEEE},
    url = {http://www.ctan.org/tex-archive/macros/latex/contrib/IEEEtran/IEEEtran_HOWTO.pdf},
}

@PhdThesis{Thanh2000Microtypography,
  author      = {Hàn Thế Thành},
  date        = {2000-10},
  institution = {Masaryk University Brno},
  title       = {Micro-typographic extensions to the {\TeX} typesetting system},
  note        = {Reprinted in {TUGboat} 21:4},
  pagetotal   = {118},
  url         = {http://www.tug.org/TUGboat/Contents/contents21-4.html},
  groups      = {typesetting},
}

@Book{Knuth1986Texbook,
  author    = {Donald E. Knuth},
  date      = {1986},
  title     = {The {\TeX}book},
  isbn      = {0-201-13448-9},
  pagetotal = {483},
  publisher = {Addison-Wesley},
  comment   = {First edition 1984. The version I have "Incorporates the final corrections made in 1996"},
  groups    = {typesetting},
}

@Book{Lamport1994LatexBook,
  author    = {Leslie Lamport},
  date      = {1994},
  title     = {{\LaTeX}: A Document Preparation System},
  edition   = {2},
  isbn      = {978-0201529838},
  pagetotal = {272},
  publisher = {Addison-Wesley Professional},
  comment   = {First edition: 1985},
  groups    = {typesetting},
}

@Online{OverleafTutorial30Minutes,
  author = {{Overleaf}},
  title  = {Learn {\LaTeX} in 30 minutes},
  url    = {https://www.overleaf.com/learn/latex/Learn_LaTeX_in_30_minutes},
  groups = {typesetting},
}

@Book{LatexTutorialNotSoShort,
  author   = {Tobias Oetiker and Hubert Partl and Irene Hyna and Elisabeth Schlegl},
  title    = {The Not So Short Introduction to {\LaTeX2e}},
  subtitle = {Or {\LaTeX2e} in 139 minutes},
  url      = {https://ctan.org/tex-archive/info/lshort/english/lshort.pdf},
  groups   = {typesetting},
}

@Online{LatexWikibook,
  author = {{Wikibooks}},
  date   = {2016-06-18/},
  title  = {{\LaTeX}},
  url    = {https://en.wikibooks.org/wiki/LaTeX},
  groups = {typesetting},
}

@Manual{latex2eReference,
  author    = {Karl Berry and others},
  date      = {1988/},
  title     = {{\LaTeX2e}: An Unofficial Reference Manual},
  pagetotal = {264},
  url       = {https://latexref.xyz/},
  groups    = {typesetting},
}

@Book{TexForTheImpatient,
  author = {Paul W. Abrahams and Kathryn A. Hargreaves and Karl Berry},
  date   = {2003/},
  title  = {{\TeX} for the Impatient},
  url    = {http://mirrors.ctan.org/info/impatient/book.pdf},
  groups = {typesetting},
}

@Book{Eijkhout1992TexByTopic,
  author    = {Victor Eijkhout},
  date      = {1992},
  title     = {{\TeX} by Topic, A {\TeX\-nician's} Reference},
  isbn      = {0-201-56882-9},
  location  = {Wokingham, England},
  pages     = {307},
  publisher = {Addison-Wesley},
  url       = {https://www.eijkhout.net/tex/tex-by-topic.html},
  groups    = {typesetting},
}

@Online{TexWikibook,
  author = {{Wikibooks}},
  title  = {{\TeX}},
  url    = {https://en.wikibooks.org/wiki/TeX},
  groups = {typesetting},
}

@Article{Mittelbach2014FloatAlgorithm,
  author          = {Frank Mittelbach},
  date            = {2014-10},
  journaltitle    = {{TUGboat}},
  title           = {How to influence the position of float environments like figure and table in {\LaTeX}?},
  issn            = {0896-3207},
  journalsubtitle = {The Communications of the {\TeX} Users Group},
  number          = {3},
  url             = {https://www.tug.org/TUGboat/Contents/contents35-3.html},
  volume          = {35},
  groups          = {typesetting},
}
